<mx:record xmlns="http://www.w3.org/TR/xhtml1/strict" xmlns:mx="http://www.loc.gov/MARC21/slim" xmlns:xsi="http://www.w3.org/2001/XMLSchema-instance"><mx:leader>00000cz   2200000n  0000</mx:leader><mx:controlfield tag="001">oca00113975 </mx:controlfield><mx:controlfield tag="005">20070321154709.0</mx:controlfield><mx:controlfield tag="008">810206n| acannaab           |a aaa      </mx:controlfield><mx:datafield ind1=" " ind2=" " tag="010"><mx:subfield code="a">n  50080398</mx:subfield></mx:datafield><mx:datafield ind1=" " ind2=" " tag="040"><mx:subfield code="a">DLC</mx:subfield><mx:subfield code="c">DLC</mx:subfield><mx:subfield code="d">CLU</mx:subfield><mx:subfield code="d">DLC</mx:subfield></mx:datafield><mx:datafield ind1=" " ind2="0" tag="053"><mx:subfield code="a">PA6554.P52</mx:subfield></mx:datafield><mx:datafield ind1="0" ind2=" " tag="100"><mx:subfield code="a">Paulinus,</mx:subfield><mx:subfield code="c">of Pella</mx:subfield></mx:datafield><mx:datafield ind1="1" ind2=" " tag="400"><mx:subfield code="a">Pellæus, Paulinus</mx:subfield></mx:datafield><mx:datafield ind1="0" ind2=" " tag="400"><mx:subfield code="a">Paulinus Pellæus</mx:subfield></mx:datafield><mx:datafield ind1="0" ind2=" " tag="400"><mx:subfield code="a">Paulin,</mx:subfield><mx:subfield code="c">de Pella</mx:subfield></mx:datafield><mx:datafield ind1="1" ind2=" " tag="400"><mx:subfield code="a">De Pella, Paulin</mx:subfield></mx:datafield><mx:datafield ind1="1" ind2=" " tag="400"><mx:subfield code="a">Pella, Paulin de</mx:subfield></mx:datafield><mx:datafield ind1="0" ind2=" " tag="400"><mx:subfield code="a">Paolino,</mx:subfield><mx:subfield code="c">di Pella</mx:subfield></mx:datafield><mx:datafield ind1="1" ind2=" " tag="400"><mx:subfield code="a">Di Pella, Paolino</mx:subfield></mx:datafield><mx:datafield ind1="1" ind2=" " tag="400"><mx:subfield code="a">Pella, Paolino di</mx:subfield></mx:datafield><mx:datafield ind1=" " ind2=" " tag="670"><mx:subfield code="a">Ausonius, D. M.</mx:subfield><mx:subfield code="b">Ausonius, 1919-21.</mx:subfield></mx:datafield><mx:datafield ind1=" " ind2=" " tag="670"><mx:subfield code="a">Discorso di ringraziamento, c1995:</mx:subfield><mx:subfield code="b">t.p. (Paolino di Pella)</mx:subfield></mx:datafield><mx:datafield ind1=" " ind2=" " tag="670"><mx:subfield code="a">Catholic encyclopedia, c1911:</mx:subfield><mx:subfield code="b">v. 11 (Paulinus, of Pella; 5th century Christian poet)</mx:subfield></mx:datafield><mx:datafield ind1=" " ind2=" " tag="675"><mx:subfield code="a">New Catholic encyclopedia, c1967</mx:subfield></mx:datafield><mx:datafield ind1=" " ind2=" " tag="999"><mx:subfield code="a">2414</mx:subfield></mx:datafield></mx:record>